<?xml version="1.0" encoding="UTF-8"?><collection xmlns="http://www.loc.gov/MARC21/slim"><record><leader>00484nam--2200121-i-4500</leader><controlfield tag="001">000042706</controlfield><controlfield tag="002">20161230</controlfield><controlfield tag="005">20161230201043</controlfield><controlfield tag="008">060222s1000------------r-----000-0-eng-d</controlfield><datafield ind1=" " ind2=" " tag="245"><subfield code="a">Prescriptii tehnice privind automatizarea: de a proiecta, construi, monta, repara instalatii mecanice sub presiune si instalatii de ridicat</subfield></datafield><datafield ind1=" " ind2=" " tag="260"><subfield code="a">De A Verifica Si Repara Recipeinte-butelii Transportabile ... Cr 2-73. Ed.Oficiala</subfield></datafield><datafield ind1=" " ind2=" " tag="490"><subfield code="a">Bucuresti, Ed.Tehnica, 1974, 52p</subfield></datafield><datafield ind1=" " ind2=" " tag="852"><subfield code="a">621.86/87(094)</subfield></datafield></record></collection>